%% BiBTeX database for models.tex bibliography
%%
%% bibtexfile{
%%  author      = "James W. Hardin",
%%  version     = "1.00",
%%  date        = "14 March 1999",
%%  filename    = "models.bib",
%%  address     = "Department of Statistics
%%                 Texas A\&M University
%%                 Mail Stop 3143
%%                 College Station, TX
%%                 77843-3143
%%                 USA",
%%  email       = "<jhardin at stat.tamu.edu>" }

@String{JASA  = {{Journal of the American Statistical Association}}}
@String{JCGS  = {{Journal of Computational and Graphical Statistics}}}
@String{JRSSA = {{Journal of the Royal Statistical Society - Series A}}}
@String{JRSSB = {{Journal of the Royal Statistical Society - Series B}}}

***** BEGIN jsp added

@article{wang2012bayesian,
  title={Bayesian graphical lasso models and efficient posterior computation},
  author={Wang, Hao and others},
  journal={Bayesian Analysis},
  volume={7},
  number={4},
  pages={867--886},
  year={2012},
  publisher={International Society for Bayesian Analysis}
}

@article{andrews1974scale,
  title={Scale mixtures of normal distributions},
  author={Andrews, David F and Mallows, Colin L},
  journal={Journal of the Royal Statistical Society. Series B (Methodological)},
  pages={99--102},
  year={1974},
  publisher={JSTOR}
}



@article{west1987scale,
  title={On scale mixtures of normal distributions},
  author={West, Mike},
  journal={Biometrika},
  volume={74},
  number={3},
  pages={646--648},
  year={1987},
  publisher={Biometrika Trust}
}

@incollection{akoglu2010oddball,
  title={Oddball: Spotting anomalies in weighted graphs},
  author={Akoglu, Leman and McGlohon, Mary and Faloutsos, Christos},
  booktitle={Advances in Knowledge Discovery and Data Mining},
  pages={410--421},
  year={2010},
  publisher={Springer}
}
@incollection{berlingerio2009mining,
  title={Mining graph evolution rules},
  author={Berlingerio, Michele and Bonchi, Francesco and Bringmann, Bj{\"o}rn and Gionis, Aristides},
  booktitle={Machine learning and knowledge discovery in databases},
  pages={115--130},
  year={2009},
  publisher={Springer}
}
@inproceedings{liu2008spotting,
  title={Spotting significant changing subgraphs in evolving graphs},
  author={Liu, Zheng and Yu, Jeffrey Xu and Ke, Yiping and Lin, Xuemin and Chen, Lei},
  booktitle={Data Mining, 2008. ICDM'08. Eighth IEEE International Conference on},
  pages={917--922},
  year={2008},
  organization={IEEE}
}

@inproceedings{muthukrishnan2010edge,
  title={Edge weight regularization over multiple graphs for similarity learning},
  author={Muthukrishnan, Pradeep and Radev, Dragomir and Mei, Qiaozhu},
  booktitle={Data Mining (ICDM), 2010 IEEE 10th International Conference on},
  pages={374--383},
  year={2010},
  organization={IEEE}
}

@article{flores2014numb,
  title={NUMB inhibition of NOTCH signalling as a therapeutic target in prostate cancer},
  author={Flores, Angela N and McDermott, Niamh and Meunier, Armelle and Marignol, Laure},
  journal={Nature Reviews Urology},
  volume={11},
  number={9},
  pages={499--507},
  year={2014},
  publisher={Nature Publishing Group}
}

@article{leong2006recent,
  title={Recent insights into the role of Notch signaling in tumorigenesis},
  author={Leong, Kevin G and Karsan, Aly},
  journal={Blood},
  volume={107},
  number={6},
  pages={2223--2233},
  year={2006},
  publisher={Am Soc Hematology}
}
leong2006recent,espinoza2013notch
@article{espinoza2013notch,
  title={Notch inhibitors for cancer treatment},
  author={Espinoza, Ingrid and Miele, Lucio},
  journal={Pharmacology \& therapeutics},
  volume={139},
  number={2},
  pages={95--110},
  year={2013},
  publisher={Elsevier}
}

@article{santagata2004jagged1,
  title={JAGGED1 expression is associated with prostate cancer metastasis and recurrence},
  author={Santagata, Sandro and Demichelis, Francesca and Riva, Alberto and Varambally, Sooryanarayana and Hofer, Matthias D and Kutok, Jeffery L and Kim, Robert and Tang, Jeffery and Montie, James E and Chinnaiyan, Arul M and others},
  journal={Cancer research},
  volume={64},
  number={19},
  pages={6854--6857},
  year={2004},
  publisher={AACR}
}
@article{carvalho2014notch,
  title={Notch signaling in prostate cancer: a moving target},
  author={Carvalho, Filipe LF and Simons, Brian W and Eberhart, Charles G and Berman, David M},
  journal={The Prostate},
  volume={74},
  number={9},
  pages={933--945},
  year={2014},
  publisher={Wiley Online Library}
}

@article{zhu2013elevated,
  title={Elevated Jagged-1 and Notch-1 expression in high grade and metastatic prostate cancers.},
  author={Zhu, He and Zhou, Xinchun and Redfield, Samantha and Lewin, Jack and Miele, Lucio},
  journal={Cancer Research},
  volume={73},
  number={8 Supplement},
  pages={410--410},
  year={2013},
  publisher={AACR}
}

@article{Bilg2015,
  title={Targeted Fused Ridge Estimation of Inverse Covariance Matrices from Multiple High-Dimensional Data Classes},
  author={Bilgrau, Anders Ellern and Peeters, Carel FW and Eriksen, Poul Svante and B{\o}gsted, Martin and van Wieringen, Wessel N},
  journal={arXiv preprint arXiv:1509.07982},
  year={2015}
}

@article{Per2000,
  title={Molecular portraits of human breast tumours},
  author={Perou, Charles M and S{\o}rlie, Therese and Eisen, Michael B and van de Rijn, Matt and Jeffrey, Stefanie S and Rees, Christian A and Pollack, Jonathan R and Ross, Douglas T and Johnsen, Hilde and Akslen, Lars A and others},
  journal={Nature},
  volume={406},
  number={6797},
  pages={747--752},
  year={2000},
  publisher={Nature Publishing Group}
}

@article{Redn1984,
  title={Mixture densities, maximum likelihood and the EM algorithm},
  author={Redner, Richard A and Walker, Homer F},
  journal={SIAM review},
  volume={26},
  number={2},
  pages={195--239},
  year={1984},
  publisher={SIAM}
}

@article{Sorl2001,
  title={Gene expression patterns of breast carcinomas distinguish tumor subclasses with clinical implications},
  author={S{\o}rlie, Therese and Perou, Charles M and Tibshirani, Robert and Aas, Turid and Geisler, Stephanie and Johnsen, Hilde and Hastie, Trevor and Eisen, Michael B and van de Rijn, Matt and Jeffrey, Stefanie S and others},
  journal={Proceedings of the National Academy of Sciences},
  volume={98},
  number={19},
  pages={10869--10874},
  year={2001},
  publisher={National Acad Sciences}
}

@article{Titt1985,
  title={Statistical analysis of finite mixture distributions},
  author={Titterington, D Michael},
  year={1985},
  publisher={Wiley}
}

@book{VdVa2000,
  title={Asymptotic statistics},
  author={Van der Vaart, Aad W},
  volume={3},
  year={2000},
  publisher={Cambridge university press}
}

@article{raftery2006variable,
  title={Variable selection for model-based clustering},
  author={Raftery, Adrian E and Dean, Nema},
  journal={Journal of the American Statistical Association},
  volume={101},
  number={473},
  pages={168--178},
  year={2006},
  publisher={Taylor \& Francis}
}

@article{maugis2009,
  title={Variable selection for clustering with Gaussian mixture models},
  author={Maugis, Cathy and Celeux, Gilles and Martin-Magniette, Marie-Laure},
  journal={Biometrics},
  volume={65},
  number={3},
  pages={701--709},
  year={2009},
  publisher={Wiley Online Library}
}

@article{maugis2011non,
  title={A non asymptotic penalized criterion for Gaussian mixture model selection},
  author={Maugis, Cathy and Michel, Bertrand},
  journal={ESAIM: Probability and Statistics},
  volume={15},
  pages={41--68},
  year={2011},
  publisher={EDP Sciences}
}

@article{ruan2011,
  title={Regularized parameter estimation in high-dimensional gaussian mixture models},
  author={Ruan, Lingyan and Yuan, Ming and Zou, Hui},
  journal={Neural computation},
  volume={23},
  number={6},
  pages={1605--1622},
  year={2011},
  publisher={MIT Press}
}

@article{lotsi2013,
  title={High dimensional sparse gaussian graphical mixture model},
  author={Lotsi, Anani and Wit, Ernst},
  journal={arXiv preprint arXiv:1308.3381},
  year={2013}
}

@inproceedings{azizyan2015,
  title={Efficient Sparse Clustering of High-Dimensional Non-spherical Gaussian Mixtures.},
  author={Azizyan, Martin and Singh, Aarti and Wasserman, Larry A},
  booktitle={AISTATS},
  year={2015}
}

@article{hill2013,
  title={Network-based clustering with mixtures of L1-penalized Gaussian graphical models: an empirical investigation},
  author={Hill, Steven M and Mukherjee, Sach},
  journal={arXiv preprint arXiv:1301.2194},
  year={2013}
}

@article{luan2003,
  title={Clustering of time-course gene expression data using a mixed-effects model with B-splines},
  author={Luan, Yihui and Li, Hongzhe},
  journal={Bioinformatics},
  volume={19},
  number={4},
  pages={474--482},
  year={2003},
  publisher={Oxford Univ Press}
}

@article{roberts1998,
  title={Bayesian approaches to Gaussian mixture modeling},
  author={Roberts, Stephen J and Husmeier, Dirk and Rezek, Iead and Penny, William},
  journal={IEEE Transactions on Pattern Analysis and Machine Intelligence},
  volume={20},
  number={11},
  pages={1133--1142},
  year={1998},
  publisher={IEEE}
}

@article{fraley2002,
  title={Model-based clustering, discriminant analysis, and density estimation},
  author={Fraley, Chris and Raftery, Adrian E},
  journal={Journal of the American statistical Association},
  volume={97},
  number={458},
  pages={611--631},
  year={2002},
  publisher={Taylor \& Francis}
}

@article{nasios2006,
  title={Variational learning for Gaussian mixture models},
  author={Nasios, Nikolaos and Bors, Adrian G},
  journal={IEEE Transactions on Systems, Man, and Cybernetics, Part B (Cybernetics)},
  volume={36},
  number={4},
  pages={849--862},
  year={2006},
  publisher={IEEE}
}

@article{mcnicholas2008,
  title={Parsimonious Gaussian mixture models},
  author={Mcnicholas, Paul David and Murphy, Thomas Brendan},
  journal={Statistics and Computing},
  volume={18},
  number={3},
  pages={285--296},
  year={2008},
  publisher={Springer}
}

@article{mcnicholas2010,
  title={Model-based clustering of microarray expression data via latent Gaussian mixture models},
  author={McNicholas, Paul D and Murphy, Thomas Brendan},
  journal={Bioinformatics},
  volume={26},
  number={21},
  pages={2705--2712},
  year={2010},
  publisher={Oxford Univ Press}
}

@article{bornholdt2000,
  title={Topological evolution of dynamical networks: Global criticality from local dynamics},
  author={Bornholdt, Stefan and Rohlf, Thimo},
  journal={Physical Review Letters},
  volume={84},
  number={26},
  pages={6114},
  year={2000},
  publisher={APS}
}

@article{vujavcic2015,
  title={A computationally fast alternative to cross-validation in penalized Gaussian graphical models},
  author={Vuja{\v{c}}i{\'c}, Ivan and Abbruzzo, Antonino and Wit, Ernst},
  journal={Journal of Statistical Computation and Simulation},
  volume={85},
  number={18},
  pages={3628--3640},
  year={2015},
  publisher={Taylor \& Francis}
}

@article{aggarwal2014evolutionary,
  title={Evolutionary network analysis: A survey},
  author={Aggarwal, Charu and Subbian, Karthik},
  journal={ACM Computing Surveys (CSUR)},
  volume={47},
  number={1},
  pages={10},
  year={2014},
  publisher={ACM}
}
@inproceedings{bunke2006,
  title={Computer network monitoring and abnormal event detection using graph matching and multidimensional scaling},
  author={Bunke, Horst and Dickinson, Peter and Humm, Andreas and Irniger, Ch and Kraetzl, Miro},
  booktitle={Industrial Conference on Data Mining},
  pages={576--590},
  year={2006},
  organization={Springer}
}
@inproceedings{sricharan2014,
  title={Localizing anomalous changes in time-evolving graphs},
  author={Sricharan, Kumar and Das, Kamalika},
  booktitle={Proceedings of the 2014 ACM SIGMOD International Conference on Management of Data},
  pages={1347--1358},
  year={2014},
  organization={ACM}
}


@article{danaher2014joint,
  title={The joint graphical lasso for inverse covariance estimation across multiple classes},
  author={Danaher, Patrick and Wang, Pei and Witten, Daniela M},
  journal={Journal of the Royal Statistical Society: Series B (Statistical Methodology)},
  volume={76},
  number={2},
  pages={373--397},
  year={2014},
  publisher={Wiley Online Library}
}

@article{guo2011joint,
  title={Joint estimation of multiple graphical models},
  author={Guo, Jian and Levina, Elizaveta and Michailidis, George and Zhu, Ji},
  journal={Biometrika},
  pages={asq060},
  year={2011},
  publisher={Biometrika Trust}
}

@inproceedings{guo2007,
  title={Recovering temporally rewiring networks: A model-based approach},
  author={Guo, Fan and Hanneke, Steve and Fu, Wenjie and Xing, Eric P},
  booktitle={Proceedings of the 24th international conference on Machine learning},
  pages={321--328},
  year={2007},
  organization={ACM}
}

@article{zhu2014structural,
  title={Structural pursuit over multiple undirected graphs},
  author={Zhu, Yunzhang and Shen, Xiaotong and Pan, Wei},
  journal={Journal of the American Statistical Association},
  volume={109},
  number={508},
  pages={1683--1696},
  year={2014},
  publisher={Taylor \& Francis}
}

@article{li2002statistical,
  title={Statistical methods for analysis of time course gene expression data},
  author={Li, Hongzhe and Luan, Yihui and Hong, Fangxin and Li, Yueju},
  journal={Frontiers in Bioscience},
  volume={7},
  pages={a90--a98},
  year={2002}
}

@article{pan2007penalized,
  title={Penalized model-based clustering with application to variable selection},
  author={Pan, Wei and Shen, Xiaotong},
  journal={Journal of Machine Learning Research},
  volume={8},
  number={May},
  pages={1145--1164},
  year={2007}
}
@article{hoff2002latent,
  title={Latent space approaches to social network analysis},
  author={Hoff, Peter D and Raftery, Adrian E and Handcock, Mark S},
  journal={Journal of the american Statistical association},
  volume={97},
  number={460},
  pages={1090--1098},
  year={2002},
  publisher={Taylor \& Francis}
}

@article{sarkar2005,
  title={Dynamic social network analysis using latent space models},
  author={Sarkar, Purnamrita and Moore, Andrew W},
  journal={ACM SIGKDD Explorations Newsletter},
  volume={7},
  number={2},
  pages={31--40},
  year={2005},
  publisher={ACM}
}
@article{marte2013tumour,
  title={Tumour heterogeneity},
  author={Marte, Barbara},
  journal={Nature},
  volume={501},
  number={7467},
  pages={327--327},
  year={2013},
  publisher={Nature Publishing Group}
}
@article{alizadeh2000,
  title={Distinct types of diffuse large B-cell lymphoma identified by gene expression profiling},
  author={Alizadeh, Ash A and Eisen, Michael B and Davis, R Eric and Ma, Chi and Lossos, Izidore S and Rosenwald, Andreas and Boldrick, Jennifer C and Sabet, Hajeer and Tran, Truc and Yu, Xin and others},
  journal={Nature},
  volume={403},
  number={6769},
  pages={503--511},
  year={2000},
  publisher={Nature Publishing Group}
}
@article{bullinger2004,
  title={Use of gene-expression profiling to identify prognostic subclasses in adult acute myeloid leukemia},
  author={Bullinger, Lars and D{\"o}hner, Konstanze and Bair, Eric and Fr{\"o}hling, Stefan and Schlenk, Richard F and Tibshirani, Robert and D{\"o}hner, Hartmut and Pollack, Jonathan R},
  journal={New England Journal of Medicine},
  volume={350},
  number={16},
  pages={1605--1616},
  year={2004},
  publisher={Mass Medical Soc}
}
@article{lapointe2004,
  title={Gene expression profiling identifies clinically relevant subtypes of prostate cancer},
  author={Lapointe, Jacques and Li, Chunde and Higgins, John P and Van De Rijn, Matt and Bair, Eric and Montgomery, Kelli and Ferrari, Michelle and Egevad, Lars and Rayford, Walter and Bergerheim, Ulf and others},
  journal={Proceedings of the National Academy of Sciences of the United States of America},
  volume={101},
  number={3},
  pages={811--816},
  year={2004},
  publisher={National Acad Sciences}
}

@article{sorlie2001,
  title={Gene expression patterns of breast carcinomas distinguish tumor subclasses with clinical implications},
  author={S{\o}rlie, Therese and Perou, Charles M and Tibshirani, Robert and Aas, Turid and Geisler, Stephanie and Johnsen, Hilde and Hastie, Trevor and Eisen, Michael B and Van De Rijn, Matt and Jeffrey, Stefanie S and others},
  journal={Proceedings of the National Academy of Sciences},
  volume={98},
  number={19},
  pages={10869--10874},
  year={2001},
  publisher={National Acad Sciences}
}

@article{nowell1976clonal,
  title={The clonal evolution of tumor cell populations},
  author={Nowell, Peter C},
  journal={Science},
  volume={194},
  number={4260},
  pages={23--28},
  year={1976},
  publisher={American Association for the Advancement of Science}
}

@article{mitchell2015,
  title={The genomic evolution of human prostate cancer},
  author={Mitchell, T and Neal, DE},
  journal={British journal of cancer},
  volume={113},
  number={2},
  pages={193},
  year={2015},
  publisher={Nature Publishing Group}
}

@article{friedman2008sparse,
  title={Sparse inverse covariance estimation with the graphical lasso},
  author={Friedman, Jerome and Hastie, Trevor and Tibshirani, Robert},
  journal={Biostatistics},
  volume={9},
  number={3},
  pages={432--441},
  year={2008},
  publisher={Biometrika Trust}
}

@article{van2016ridge,
  title={Ridge estimation of inverse covariance matrices from high-dimensional data},
  author={van Wieringen, Wessel N and Peeters, Carel FW},
  journal={Computational Statistics \& Data Analysis},
  year={2016},
  publisher={Elsevier}
}

@article{miok2016ridge,
  title={Ridge estimation of the VAR (1) model and its time series chain graph from multivariate time-course omics data},
  author={Miok, Viktorian and Wilting, Saskia M and Wieringen, Wessel N},
  journal={Biometrical Journal},
  year={2016},
  publisher={Wiley Online Library}
}
@article{aflak2017,
  title={Data integrative Bayesian mixture of regression models},
  author={Aflakparast, Mehran and de Gunst, Mathisca},
  journal={Bayesian Analysis},
  year={2017},
  publisher={Bayesian Analysis}
}